@online{DB,
    title = {Dispense del corso Basi di dati.},
    author = {D. Calvanese and G. De Giacomo and M. Lenzerini},
}
@online{ProgSoft,
    title = {Dispense del corso Progettazione del software.},
    author = {G. De Giacomo},
}
@book{saas,
    title = {Engineering Software as a Service: An Agile
Approach Using Cloud Computing.},
    author = {A. Fox and D. Patterson},
    date = {2018},
}
@book{RoR,
    title = {Ruby on Rails Tutorial (Rails 5): Learn Web Development with Rails.},
    author = {M. Hartl},
}
@online{docror,
    title = {Documentazione Ruby on Rails.},
    url = {http://guides.rubyonrails.org},
}
@online{tdna,
    title = {Documentazione TypingDNA.},
    url =  {https://api.typingdna.com/index.html},
}
@online{git,
    title = {Documentazione della gemma Devise.},
    url = {https://github.com/heartcombo/devise},
}
@book{test,
    title = {The RSpec Book: Behaviour-Driven Development with RSpec, Cucumber, and Friends.},
    author = {D. Chelimsky and D. Astels and Z. Dennis and A. Hellesoy and B. Helmkamp and D. North},
}
